
@article{gyarfas.lehel:helly,
  author = {András Gyárfás and Jenö Lehel},
  title = {A {H}elly-type problem in trees},
  journal = {Combinatorial Theory and its applications},
  year = {1970},
  volume = {4},
  pages = {571--584},
  publisher = {North-Holland},
  address = {Amsterdam}
}
